%% Created for Prasanta Ghosh on 2018-01-20
@inproceedings{Alumae16,
    Author = {T. {Alum√§e} and D. {Karakos} and W. {Hartmann} and R. {Hsiao} and L. {Zhang} and L. {Nguyen} and S. {Tsakalidis} and R. {Schwartz}},
    Title = {The 2016 BBN Georgian telephone speech keyword spotting system},
    Booktitle = {2017 IEEE International Conference on Acoustics, Speech and Signal Processing (ICASSP)},
    Year = {2017}
}

@electronic{Arjovsky17,
    Author = {Martin Arjovsky and Soumith Chintala and Leon Bottou},
    Title = {Wasserstein GAN},
    Url = {https://arxiv.org/pdf/1701.07875.pdf},
    Year = {2017}
}

@inproceedings{Bahdanau14,
    Title = {Neural Machine Translation by Jointly Learning to Align and Translate},
    Author = {Dzmitry Bahdanau
        and Kyunghyun Cho
        and Yoshua Bengio},
    Booktitle = {ICLR},
    Year = {2015}
}

@inproceedings{Bharadwaj2013,
    Author = {Sujeeth Bharadwaj and Mark Hasegawa-Johnson and Jitendra Ajmera and Om Deshmukh and Ashish Verma},
    Title = {Sparse Hidden Markov Models For Purer Clusters},
    Booktitle={IEEE International Conference on Acoustics, Speech and Signal Processing},
    Year = {2013}
}


@book{BirdKleinLoper09,
  author = {Steven Bird and Ewan Klein and Edward Loper},
  title = {{Natural Language Processing with Python}},
  publisher = {O'Reilly Media},
  year = 2009
}

@article{Brown92,
	Author = {Peter Brown
	        and Vincent J. Della Pietra
	        and Peter V. deSouza
	        and Jenifer C. Lai
	        and Robert L. Mercer
	},
	Journal = {Computational Linguistics},
	Number = {4},
	Title = {Class-based n-gram models of natural language},
	Volume = {18},
	Year = {1992}
}

@article{Brown93,
	Author = {Peter F. Brown and Vincent J. Della Pietra and Stephen A. Della Pietra and Robert L. Mercer},
	Journal = {Computational Linguistics},
	Number = {2},
	Pages = {263 - 311},
	Title = {The mathematics of statistical machine translation: parameter estimation},
	Volume = {19},
	Year = {1993}
}

@article{Davis80-COP,
	Author = {Steven B. Davis and Paul Mermelstein},
	Journal = {IEEE Transactions on Acoustics, Speech and Signal Processing},
	Number = {4},
	Pages = {357--366},
	Title = {Comparison of Parametric Representation for Monosyllabic Word Recognition in Continuously Spoken Sentences},
	Volume = {28},
	Year = {1980}}

@article{Dunbar2017,
  Author    = {Ewan Dunbar and
               Xuan{-}Nga Cao and
               Juan Benjumea and
               Julien Karadayi and
               Mathieu Bernard and
               Laurent Besacier and
               Xavier Anguera and
               Emmanuel Dupoux},
  Title     = {The Zero Resource Speech Challenge 2017},
  journal   = {CoRR},
  volume    = {abs/1712.04313},
  year      = {2017},
  url       = {http://arxiv.org/abs/1712.04313}
}

@Inproceedings{Duong16,
  Author = 	"Duong, Long
		and Anastasopoulos, Antonios
		and Chiang, David
		and Bird, Steven
		and Cohn, Trevor",
  Title = 	"An Attentional Model for Speech Translation Without Transcription",
  Booktitle = 	"Proceedings of the 2016 Conference of the North American Chapter of the      Association for Computational Linguistics: Human Language Technologies    ",
  Year = 	"2016",
  Publisher = 	"Association for Computational Linguistics",
  Pages = 	"949--959",
  Location = 	"San Diego, California",
  doi = 	"10.18653/v1/N16-1109",
  url = 	"http://aclweb.org/anthology/N16-1109"
}

@article{Rabiner89-ATO,
	Author = {Lawrence R. Rabiner},
	Journal = {Proceedings of the IEEE},
	Number = {2},
	Pages = {257--286},
	Title = {A Tutorial on Hidden {Markov} Models and Selected Applications in Speech Recognition},
	Volume = {77},
	Year = {1989}}

@inproceedings{Godard2018,
    Title = {Unsupervised Word Segmentation from Speech with Attention},
    Year = {2018},
    Author = {Pierre Godard and Marcely Zanon Boito and Lucas Ondel and Alexandre Berard and Aline Villavicencio and Laurent Besacier},
    Booktitle = {Interspeech}
}

@book{Hastie09-TEO,
	Address = {New York},
	Author = {Trevor Hastie and Robert Tibshirani and Jerome Friedman},
	Publisher = {Springer},
	Title = {The Elements of Statistical Learning -- Data Mining, Inference, and Prediction},
	Year = {2009}
}

@article{Harwath15,
    Author = {David Harwath and James Glass},
    Journal = {Automatic Speech Recognition and Understanding},
    Title = {deep multimodal semantic embeddings for speech and images},
    Year = {2015}
}

@article{Harwath16-ULO,
	Author = {David Harwath and Antonio Torralba and James Glass},
	Journal = {Neural Information Processing Systems},
	Title = {unsupervised learning of spoken language with visual context},
    	Year = {2016}
}

@article{Harwath17,
    Author = {David Harwath and James Glass},
    Journal = {$55^{th}$ Annual Meeting of the 
    Association for Computational Linguistics},
    Title = {Learning word-like units from 
    joint audio-visual analysis},
    Year = {2017}
}

@electronic{Harwath18,
    Author = {David Harwath and Adria Recasens and Didac Suris and Galen Chuang and Antonio Torralba and James Glass},
    Title = {jointly discovering visual objects 
    and spoken words from raw sensory input},
    Url = {https://arxiv.org/pdf/1804.01452.pdf},
    Year = {2018}
}

@electronic{Havard17,
    Author = {William Havard and others,},
    Title = {SPEECH-COCO: 600k Visually Grounded Spoken Captions Aligned to MSCOCO Data Set},
    Url = {https://arxiv.org/pdf/1707.08435.pdf},
    Year = {2017}
}

@inproceedings{Hsu17,
  title={Learning Latent Representations for Speech Generation and Transformation},
  author={Hsu, Wei-Ning and Zhang, Yu and Glass, James},
  booktitle={Interspeech},
  pages={1273--1277},
  year={2017},
}

@inproceedings{Hodosh2010,
  title={Framing image description as a ranking task: data, models and evaluation metrics},
  author={M. Hodosh and P. Young and J. Hockenmaier},
  booktitle={Journal of Artificial Intelligence Research},
  year={2010}
}

@inproceedings{Hsu18,
  title={Scalable Factorized Hierarchical Variational Autoencoder Training},
  author={Hsu, Wei-Ning and Glass, James},
  booktitle={Interspeech},
  year={2018},
}

@inproceedings{Johnson2007,
    Title={Adaptor Grammars: A Framework for Specifying Compositional Nonparametric Bayesian Models},
    Author={Mark Johnson and Thomas Griffiths and Sharon Goldwater},
    Booktitle={Neural Information Processing Systems},
    Year={2007}
} 

@inproceedings{Kalai99,
    Title = {Online Algorithms For Combining Lanugage models},
    Author = {Adam Kalai
        and Stanley Chen
        and Avrim Blum
        and Ronald Rosenfeld
    },
    Booktitle = {ICASSP},
    Year = {1999}
}

@electronic{Kamper2017, 
    Author = {Herman Kamper and Karen Livescu and Sharon Goldwater}, 
    Title = {An embedded segmental k-means model for unsupervised segmentation and clustering of speech},
    Url = {https://arxiv.org/pdf/1703.08135.pdf},
    Year = {2017}
}

@inproceedings{Karpathy14,
    Title = {Deep Fragment Embeddings for Bidirectional Image Sentence Mapping},
    Author = {Andrej Karpathy and  Armand Joulin and Li Fei-Fei},
    Booktitle = {Neural Information Processing Systems},
    Year = {2014}
}

@inproceedings{Karpathy15,
    Title = {Deep visual-semantic alignments for generating image descriptions},
    Author = {A. Karpathy and L. Fei-Fei},
    Booktitle = {Proceedings of the 2015 Conference on Computer Vision and Pattern Recognition, CVPR},
    Year = {2015}
}

@book{Karpathy16-CIA,
	Author = {Andrej Karpathy},
	Publisher = {Stanford University},
	Date-Modified = {2016},
	Title = {connecting images and natural language}
  }

@electronic{Kingma14,
    Author = {Diederik Kingma and Max Welling},
    Title = {autoencoding variational bayes},
    Url = {https://arxiv.org/pdf/1312.6114.pdf},
    Year = {2014}
}

@inproceedings{Lau93,
	Author = {Raymond Lau
		and Ronald Rosenfeld
		and Salim Roukos},
	Title = {Adaptive language modeling using the maximum entropy principle},
	Booktitle = {HUMAN LANGUAGE TECHNOLOGY: Proceedings of a Workshop Held at Plainsboro, New Jersey, March 21-24, 1993},
	Year = {1993}
}

@inproceedings{Miller92,
	title={Hidden Understanding Models of Natural Language},
  	author={Scott Miller and Robert Bobrow
		    and Robert Ingria and Richard Schwartz},
  	booktitle={32nd Annual Meeting of the Association for Computational Linguistics},
  	year={1994},
	url = {http://aclweb.org/anthology/P94-1004},
}

@inproceedings{Lee2012,
 author = {Lee, Chia-ying and Glass, James},
 title = {A Nonparametric Bayesian Approach to Acoustic Model Discovery},
 booktitle = {Proceedings of the 50th Annual Meeting of the Association for Computational Linguistics: Long Papers - Volume 1},
 year = {2012},
 location = {Jeju Island, Korea},
 pages = {40--49},
 publisher = {Association for Computational Linguistics},
 address = {Stroudsburg, PA, USA},
} 

@article{Miller1995,
 author = {Miller, George A.},
 title = {WordNet: A Lexical Database for English},
 journal = {Commun. ACM},
 issue_date = {Nov. 1995},
 volume = {38},
 number = {11},
 month = nov,
 year = {1995},
 issn = {0001-0782},
 pages = {39--41},
 numpages = {3},
 url = {http://doi.acm.org/10.1145/219717.219748},
 doi = {10.1145/219717.219748},
 acmid = {219748},
 publisher = {ACM},
 address = {New York, NY, USA},
} 

@inproceedings{Medennikov2017,
    Author = {Ivan Medennikov and Aleksei Romanenko and Alexey Prudnikov and Valentin Mendelev and Yuri Khokhlov and Maxim Korenevsky and Natalia Tomashenko and Alexander Zatvornitskiy},
    Title = {Acoustic Modeling In The STC Keyword Search System For OpenKWS 2016 Evaluation},
    Booktitle = {Interspeech},
    Year = {2017}
}

Acoustic Modeling in the STC Keyword Search System for OpenKWS 2016 Evaluation

@electronic{Khokhlov2017,
    Author = {Yuri Khokhlov and Natalia Tomashenko and Ivan Medennikov and Alexei Romanenko},
    Title = {Fast and Accurate OOV Decoder on High-Level Features},
    Url = {https://arxiv.org/pdf/1707.06195.pdf},
    Year = {2017},
}

@inproceedings{neubig18xnmt,
    title = {{XNMT}: The eXtensible Neural Machine Translation Toolkit},
    author = {Graham Neubig and Matthias Sperber and Xinyi Wang and Matthieu Felix and Austin Matthews and Sarguna Padmanabhan and Ye Qi and Devendra Singh Sachan and Philip Arthur and Pierre Godard and John Hewitt and Rachid Riad and Liming Wang },
    booktitle = {Conference of the Association for Machine Translation in the Americas (AMTA) Open Source Software Showcase},
    address = {Boston},
    month = {March},
    year = {2018}
}

@Article{Och2003,
  Author = 	{Franz Josef Och and
		and Hermann Ney},
  Title = {A Systematic Comparison of Various Statistical Alignment Models},
  Journal = {Computational Linguistics},
  Year = 	{2003},
  Volume = 	{29},
  Number = 	{1}
}

@inproceedings{Ondel2018,
    Author = {L. Ondel and P. Godard and L. Besacier and E. Larsen and M. Hasegawa- Johnson and O. Scharenborg and E. Dupoux and L. Burget and F. Yvon and S. Khudanpur},
    Title = {Bayesian Models for Unit Discovery on a Very Low Resource Language},
    Booktitle = {Proc. ICASSP}, 
    Year = {2018},
}

@inproceedings{Pietra92,
	Author = {S. Della Pietra and V. Della Pietra and R. L. Mercer and S. Roukos},
	Title = {Adaptive Language Modeling Using Minimum Discriminant Estimation},
	Booktitle = {Speech and Natural Language: Proceedings of a Workshop Held at Harriman, New York, February 23-26, 1992},
	Year = {1992},
	Url = {http://aclweb.org/anthology/H92-1020}
}

@article{Pietra97,
	Author = {S. Della Pietra and V. Della Pietra and John Lafferty},
	Journal = {IEEE Transactions Pattern Analysis and Machine Intelligence},
	Volume = {19},
	Number = {4},
	Title = {Inducing Features of Random Fields},
	Year = {1997},
}

@electronic{Ronneberger15,
    Author = {Olaf Ronneberger and
    Philipp Fischer and Thomas Brox},
    Title = {U-Net: Convolutional Networks for Biomedical Image
    Segmentation},
    Url = 
    {https://arxiv.org/pdf/1505.04597.pdf},
    Year = {2015}
}

@article{Rosenfeld00,
	Author = {Roni Rosenfeld},
	Journal = {Proceedings of the IEEE 88},
	Number = {8},
	Pages = {1270-1278},
	Title = {Two decades of statistical language modeling: where do we go from here?},
	Year = {1996},
}

@inproceedings{Florian04,
	Author = {R. Florian
		and H. Hassan
		and A. Ittycheriah
		and H. Jing
		and N. Kambhatla
		and X. Luo
		and N. Nicolov
		and S. Roukos},
	Title = {A Statistical Model for Multilingual Entity Detection and Tracking},
	Booktitle = {Proceedings of the Human Language Technology Conference of the North American Chapter of the Association for Computational Linguistics: HLT-NAACL 2004},
	Year = {2004}
}

@inproceedings{Rasanen2015,
    Author = {O. J. Ra\"sa\"nen and G. Doyle and M. C. Frank},
    Title = {Unsupervised word discovery from speech using automatic segmentation into syllable-like units},
    Booktitle = {Interspeech},
    Year = {2015}
}

@electronic{Rudnicky2014,
    Author = {Alex Rudnicky},
    Title = {The Carnegie Mellon Pronouncing Dictionary},
    Url = {https://github.com/cmusphinx/cmudict},
    Year = {2014}
}

@inproceedings{Stahlberg12, 
    Author={F. {Stahlberg} and T. {Schlippe} and S. {Vogel} and T. {Schultz}}, 
    Booktitle={2012 IEEE Spoken Language Technology Workshop (SLT)}, 
    Title={Word segmentation through cross-lingual word-to-phoneme alignment}, 
    Year={2012}, 
    Pages={85-90}, 
    Doi={10.1109/SLT.2012.6424202}, 
    Month={Dec}
}

@inproceedings{Trmal2017,
    Author = {Jan Trmal and Matthew Wiesner and Vijayaditya Peddinti and Xiaohui Zhang and Pegah Ghahreman and Yiming Wang and Vimal Manohar and Hainan Xu and Daniel Povey and Sanjeev Khudanpur},
    Title = {The Kaldi OpenKWS System: Improving Low Resource Keyword Search},
    Booktitle = {Interspeech},
    Year = {2017}
}

@electronic{Yeh17,
    Author = {Raymond A. Yeh and Chen Chen and Teck Yian Lim and Alexander G. Schwing and Mark Hasegawa-Johnson and Minh N. Do},
    Title = {Semantic Image Inpainting with Deep Generative Models},
    Url = {https://arxiv.org/pdf/1607.07539.pdf},
    Year = {2017}
}

@article{Yeh18-UTG,
  Author = {Raymond A. Yeh and Minh N. Do and Alexander G. Schwing},
  Journal = {arXiv.},
  Title = {unsupervised textual grounding: linking words to image concepts},
  Year = {2018}
}

@article{Park2008,
 author="Alex S. Park and James R. Glass",
 title="Unsupervised pattern discovery in speech",
 journal="IEEE Transactions on Audio, Speech and Language Processing",
 volume="16",
 number="1",
 pages="186--197",
 year="2008"
 }